% Encoding: UTF-8

@misc {ufrgs,
    autor = {Instituto de Informatica UFRGS},
    title = {Grupos de Pesquisa | Fundamentos da Computação e Métodos Formais},
    url = {https://www.inf.ufrgs.br/site/pesquisa/grupos-de-pesquisa/fundamentos-da-computacao-e-metodos-formais/}
 }

@article{intro,
    author = {Déharbe, David and Moreira, Anamaria and Ribeiro, Leila and Rodrigues, Vanderlei},
    year = {2000},
    month = {01},
    pages = {7-48},
    title = {Introdução a Métodos Formais: Especificação, Semântica e Verificação de Sistemas Concorrentes.},
    volume = {7},
    journal = {RITA}
}

@misc {nasa,
    autor = {National Aeronautics ans Space Administration},
    title = {What is formal methods?},
    url = {https://shemesh.larc.nasa.gov/fm/fm-what.html}
}

